@misc{kant2018recent,
    title={Recent Advances in Neural Program Synthesis},
    author={Neel Kant},
    year={2018},
    eprint={1802.02353},
    archivePrefix={arXiv},
    primaryClass={cs.AI}
}